
@misc{MinWageIreland,
  author = {Citizens Ireland},
  title = {{Minimum Wage}},
  howpublished = "\url{https://www.citizensinformation.ie/en/employment/employment_rights_and_conditions/pay_and_employment/pay_inc_min_wage.html}",
  year = {2023}
  },

  @misc{MinWageUS,
  author = {U.S. Department of Labor},
  title = {{Minimum Wage}},
  howpublished = "\url{https://www.dol.gov/general/topic/wages/minimumwage}",
  year = {2023}
  },

    @misc{Ionic,
  author = {Ionic},
  title = {{Build iOS & Android apps from a single codebase. All in Angular.}},
  howpublished = "\url{https://ionicframework.com/angular#:~:text=Ionic%20Angular%20combines%20the%20core,are%20tailored%20to%20Angular%20Developers.}",
  year = {2023}
  },

    @misc{tsIntoJS,
  author = {Microsoft},
  title = {{Compiling TypeScript}},
  howpublished = "\url{https://code.visualstudio.com/docs/typescript/typescript-compiling}",
  year = {2023}
  },
    @misc{reactnative,
  author = {Meta},
  title = {{React Native}},
  howpublished = "\url{https://reactnative.dev}",
  year = {2023}
  },


  @article{soon2008qr,
  title={QR code},
  author={Soon, Tan Jin},
  journal={synthesis journal},
  volume={2008},
  pages={59--78},
  year={2008}
},

    @misc{mostused,
  author = {Statista},
  title = {{Most used programming languages among developers worldwide as of 2022}},
  howpublished = "\url{https://www.statista.com/statistics/793628/worldwide-developer-survey-most-used-languages/}",
  year = {2022}
  },
 @misc{npmSvg,
 author = {NPM},
title = {{react-native-svg}},
 howpublished = "\url{https://www.npmjs.com/package/react-native-svg}",
 year = {2023}
  },

   @misc{npmQrSvg,
 author = {NPM},
title = {{react-native-qrcode-svg}},
 howpublished = "\url{https://www.npmjs.com/package/react-native-qrcode-svg}",
 year = {2023}
  },

@misc{rnfs,
 author = {NPM},
title = {{react-native-fs}},
 howpublished = "\url{https://www.npmjs.com/package/react-native-fs}",
 year = {2023}
  },
   @misc{npmEmail,
 author = {NPM},
title = {{react-native-email}},
 howpublished = "\url{https://www.npmjs.com/package/react-native-email?activeTab=readme}",
 year = {2023}
  },

   @misc{npmNavigation,
 author = {NPM},
title = {{react-native-navigation}},
 howpublished = "\url{https://www.npmjs.com/package/react-native-navigation}",
 year = {2023}
  },

     @misc{barCodeScaner,
 author = {Expo},
title = {{Expo BarCodeScanner}},
 howpublished = "\url{https://docs.expo.dev/versions/latest/sdk/bar-code-scanner/}",
 year = {2023}
  },

  @book{cagle2008svg,
  title={SVG programming: the graphical web},
  author={Cagle, Kurt},
  year={2008},
  publisher={Apress}
}
@misc{meetAndroidStudio,
 author = {Google},
title = {{Meet Android Studio}},
 howpublished = "\url{https://developer.android.com/studio/intro}",
 year = {2023}
  },

  @misc{installAndroidStudio,
 author = {Google},
title = {{Install Android Studio}},
 howpublished = "\url{https://developer.android.com/studio/install}",
 year = {2023}
  },

    @misc{iOSSimulator,
 author = {Apple},
title = {{Running your app in Simulator or on a device}},
 howpublished = "\url{https://developer.apple.com/documentation/xcode/running-your-app-in-simulator-or-on-a-device}",
 year = {2023}
  },
 @misc{XCode,
 author = {Apple},
title = {{XCode 14}},
 howpublished = "\url{https://developer.apple.com/xcode/}",
 year = {2023}
  },

 @misc{setUpDevEnviro,
 author = {Meta},
title = {{Setting up the development environment}},
 howpublished = "\url{https://reactnative.dev/docs/environment-setup}",
 year = {2023}
  },

 @misc{VSCode,
 author = {Microsoft},
title = {{Code editing.
Redefined}},
 howpublished = "\url{https://code.visualstudio.com}",
 year = {2023}
  },

 @misc{VS,
 author = {Microsoft},
title = {{Code editing.
Redefined}},
 howpublished = "\url{https://visualstudio.microsoft.com}",
 year = {2023}
  },


 @misc{mongodbTransaction,
 author = {MongoDB},
title = {{Transactions}},
 howpublished = "\url{https://www.mongodb.com/docs/manual/core/transactions/}",
 year = {2023}
  },


   @misc{mongodb,
 author = {MongoDB},
title = {{What is MongoDB?}},
 howpublished = "\url{https://www.mongodb.com/docs/atlas/}",
 year = {2023}
  },
   @misc{amplify,
 author = {AWS},
title = {{AWS Amplify}},
 howpublished = "\url{https://aws.amazon.com/amplify/}",
 year = {2023}
  },


   @misc{amplifyFeatures,
 author = {AWS},
title = {{Amplify Docs}},
 howpublished = "\url{https://docs.amplify.aws}",
 year = {2023}
  },
@article{snyder1989quantitative,
  title={Quantitative analysis},
  author={Snyder, RL and Bish, David L},
  journal={Modern powder diffraction},
  volume={20},
  pages={101--144},
  year={1989},
  publisher={Reviews in Mineralogy 20. Mineralogical Society of America, Washington DC}
},
@incollection{creswell1999mixed,
  title={Mixed-method research: Introduction and application},
  author={Creswell, John W},
  booktitle={Handbook of educational policy},
  pages={455--472},
  year={1999},
  publisher={Elsevier}
},

@article{runeson2006survey,
  title={A survey of unit testing practices},
  author={Runeson, Per},
  journal={IEEE software},
  volume={23},
  number={4},
  pages={22--29},
  year={2006},
  publisher={IEEE}
},
@book{ezzy2013qualitative,
  title={Qualitative analysis},
  author={Ezzy, Douglas},
  year={2013},
  publisher={Routledge}
},
   @misc{stripe,
 author = {Stripe},
title = {{Stripe - Payments infrastructure for the internet}},
 howpublished = "\url{https://stripe.com/en-ie}",
 year = {2023}
  },

     @misc{ApplePaySettingUp,
 author = {Apple},
title = {{Setting up Apple Pay}},
 howpublished = "\url{https://developer.apple.com/documentation/passkit/apple_pay/setting_up_apple_pay}",
 year = {2023}
  },
     @misc{rad,
 author = {LucidChart},
title = {{The Stages of the Agile Software Development Life Cycle
}},
 howpublished = "\url{https://www.lucidchart.com/blog/agile-software-development-life-cycle}",
 year = {2023}
  },
@article{manifesto2001agile,
  title={Agile manifesto},
  author={Manifesto, Agile},
  journal={Haettu},
  volume={14},
  pages={2012},
  year={2001}
}
  @inproceedings{heriyanti2020design,
  title={Design of logistics information system in the finished product warehouse with the waterfall method: review literature},
  author={Heriyanti, Friska and Ishak, Aulia},
  booktitle={IOP Conference Series: Materials Science and Engineering},
  volume={801},
  number={1},
  pages={012100},
  year={2020},
  organization={IOP Publishing}
}
